<?xml version="1.0" encoding="UTF-8"?>
  <record xmlns="http://www.loc.gov/MARC21/slim" type="Authority">
    <leader>00000nz  a2200000nc 4500</leader>
    <controlfield tag="001">119142120</controlfield>
    <controlfield tag="003">DE-101</controlfield>
    <controlfield tag="005">20200218083719.0</controlfield>
    <controlfield tag="008">940323n||azznnaabn           | aaa    |c</controlfield>
    <datafield tag="024" ind1="7" ind2=" ">
      <subfield code="a">119142120</subfield>
      <subfield code="0">http://d-nb.info/gnd/119142120</subfield>
      <subfield code="2">gnd</subfield>
    </datafield>
    <datafield tag="035" ind1=" " ind2=" ">
      <subfield code="a">(DE-101)119142120</subfield>
    </datafield>
    <datafield tag="035" ind1=" " ind2=" ">
      <subfield code="a">(DE-588)119142120</subfield>
    </datafield>
    <datafield tag="035" ind1=" " ind2=" ">
      <subfield code="z">(DE-588a)119142120</subfield>
      <subfield code="9">v:zg</subfield>
    </datafield>
    <datafield tag="035" ind1=" " ind2=" ">
      <subfield code="z">(DE-588a)135905508</subfield>
    </datafield>
    <datafield tag="035" ind1=" " ind2=" ">
      <subfield code="z">(DE-588a)135419522</subfield>
    </datafield>
    <datafield tag="035" ind1=" " ind2=" ">
      <subfield code="z">(DE-101c)311109527</subfield>
    </datafield>
    <datafield tag="035" ind1=" " ind2=" ">
      <subfield code="z">(DE-588c)4335731-3</subfield>
      <subfield code="9">v:zg</subfield>
    </datafield>
    <datafield tag="040" ind1=" " ind2=" ">
      <subfield code="a">DE-101</subfield>
      <subfield code="c">DE-101</subfield>
      <subfield code="9">r:DE-101</subfield>
      <subfield code="b">ger</subfield>
      <subfield code="d">1210</subfield>
    </datafield>
    <datafield tag="042" ind1=" " ind2=" ">
      <subfield code="a">gnd1</subfield>
    </datafield>
    <datafield tag="043" ind1=" " ind2=" ">
      <subfield code="c">XA-DE</subfield>
    </datafield>
    <datafield tag="065" ind1=" " ind2=" ">
      <subfield code="a">12.2p</subfield>
      <subfield code="2">sswd</subfield>
    </datafield>
    <datafield tag="065" ind1=" " ind2=" ">
      <subfield code="a">16.5p</subfield>
      <subfield code="2">sswd</subfield>
    </datafield>
    <datafield tag="075" ind1=" " ind2=" ">
      <subfield code="b">p</subfield>
      <subfield code="2">gndgen</subfield>
    </datafield>
    <datafield tag="075" ind1=" " ind2=" ">
      <subfield code="b">pik</subfield>
      <subfield code="2">gndspec</subfield>
    </datafield>
    <datafield tag="079" ind1=" " ind2=" ">
      <subfield code="a">g</subfield>
      <subfield code="q">s</subfield>
      <subfield code="q">a</subfield>
      <subfield code="q">f</subfield>
      <subfield code="q">l</subfield>
      <subfield code="u">m</subfield>
      <subfield code="u">v</subfield>
    </datafield>
    <datafield tag="100" ind1="0" ind2=" ">
      <subfield code="a">Elisabeth</subfield>
      <subfield code="c">Mecklenburg-Güstrow, Herzogin</subfield>
      <subfield code="d">1596-1625</subfield>
    </datafield>
    <datafield tag="375" ind1=" " ind2=" ">
      <subfield code="a">2</subfield>
      <subfield code="2">iso5218</subfield>
    </datafield>
    <datafield tag="400" ind1="0" ind2=" ">
      <subfield code="a">Elisabeth</subfield>
      <subfield code="c">Hessen-Kassel, Landgräfin</subfield>
      <subfield code="d">1596-1625</subfield>
    </datafield>
    <datafield tag="400" ind1="0" ind2=" ">
      <subfield code="a">Elisabeth</subfield>
      <subfield code="c">Mecklenburg, Herzogin</subfield>
      <subfield code="d">1596-1625</subfield>
    </datafield>
    <datafield tag="400" ind1="0" ind2=" ">
      <subfield code="a">Elisabetha</subfield>
      <subfield code="c">Hassia, Landgravia</subfield>
      <subfield code="d">1596-1625</subfield>
    </datafield>
    <datafield tag="400" ind1="0" ind2=" ">
      <subfield code="a">Elisabeth</subfield>
      <subfield code="c">Hessen, Prinzessin</subfield>
      <subfield code="d">1596-1625</subfield>
    </datafield>
    <datafield tag="400" ind1="1" ind2=" ">
      <subfield code="a">Hessen-Kassel, Elisabeth &#152;von&#156;</subfield>
      <subfield code="d">1596-1625</subfield>
      <subfield code="9">v:Falsche Namensform</subfield>
    </datafield>
    <datafield tag="400" ind1="0" ind2=" ">
      <subfield code="a">Elizabeta</subfield>
      <subfield code="c">Comes provincialis Cattorum</subfield>
      <subfield code="d">1596-1625</subfield>
    </datafield>
    <datafield tag="500" ind1="0" ind2=" ">
      <subfield code="0">(DE-101)11858412X</subfield>
      <subfield code="0">(DE-588)11858412X</subfield>
      <subfield code="0">https://d-nb.info/gnd/11858412X</subfield>
      <subfield code="a">Moritz</subfield>
      <subfield code="c">Hessen-Kassel, Landgraf, 1572-1632</subfield>
      <subfield code="d">1572-1632</subfield>
      <subfield code="4">bezf</subfield>
      <subfield code="4">https://d-nb.info/standards/elementset/gnd#familialRelationship</subfield>
      <subfield code="w">r</subfield>
      <subfield code="i">Beziehung familiaer</subfield>
      <subfield code="e">Beziehung familiaer</subfield>
      <subfield code="9">v:Vater</subfield>
    </datafield>
    <datafield tag="500" ind1="0" ind2=" ">
      <subfield code="0">(DE-101)132522764</subfield>
      <subfield code="0">(DE-588)132522764</subfield>
      <subfield code="0">https://d-nb.info/gnd/132522764</subfield>
      <subfield code="a">Agnes</subfield>
      <subfield code="c">Hessen-Kassel, Landgräfin</subfield>
      <subfield code="d">1578-1602</subfield>
      <subfield code="4">bezf</subfield>
      <subfield code="4">https://d-nb.info/standards/elementset/gnd#familialRelationship</subfield>
      <subfield code="w">r</subfield>
      <subfield code="i">Beziehung familiaer</subfield>
      <subfield code="e">Beziehung familiaer</subfield>
      <subfield code="9">v:Mutter</subfield>
    </datafield>
    <datafield tag="500" ind1="0" ind2=" ">
      <subfield code="0">(DE-101)104194618</subfield>
      <subfield code="0">(DE-588)104194618</subfield>
      <subfield code="0">https://d-nb.info/gnd/104194618</subfield>
      <subfield code="a">Otto</subfield>
      <subfield code="c">Hessen-Kassel, Landgraf</subfield>
      <subfield code="d">1594-1617</subfield>
      <subfield code="4">bezf</subfield>
      <subfield code="4">https://d-nb.info/standards/elementset/gnd#familialRelationship</subfield>
      <subfield code="w">r</subfield>
      <subfield code="i">Beziehung familiaer</subfield>
      <subfield code="e">Beziehung familiaer</subfield>
      <subfield code="9">v:Bruder</subfield>
    </datafield>
    <datafield tag="500" ind1="0" ind2=" ">
      <subfield code="0">(DE-101)118807331</subfield>
      <subfield code="0">(DE-588)118807331</subfield>
      <subfield code="0">https://d-nb.info/gnd/118807331</subfield>
      <subfield code="a">Wilhelm</subfield>
      <subfield code="b">V.</subfield>
      <subfield code="c">Hessen-Kassel, Landgraf</subfield>
      <subfield code="d">1602-1637</subfield>
      <subfield code="4">bezf</subfield>
      <subfield code="4">https://d-nb.info/standards/elementset/gnd#familialRelationship</subfield>
      <subfield code="w">r</subfield>
      <subfield code="i">Beziehung familiaer</subfield>
      <subfield code="e">Beziehung familiaer</subfield>
      <subfield code="9">v:Bruder</subfield>
    </datafield>
    <datafield tag="500" ind1="0" ind2=" ">
      <subfield code="0">(DE-101)10432676X</subfield>
      <subfield code="0">(DE-588)10432676X</subfield>
      <subfield code="0">https://d-nb.info/gnd/10432676X</subfield>
      <subfield code="a">Philipp</subfield>
      <subfield code="c">Hessen-Kassel, Landgraf, 1604-1626</subfield>
      <subfield code="d">1604-1626</subfield>
      <subfield code="4">bezf</subfield>
      <subfield code="4">https://d-nb.info/standards/elementset/gnd#familialRelationship</subfield>
      <subfield code="w">r</subfield>
      <subfield code="i">Beziehung familiaer</subfield>
      <subfield code="e">Beziehung familiaer</subfield>
      <subfield code="9">v:Halbbruder</subfield>
    </datafield>
    <datafield tag="500" ind1="0" ind2=" ">
      <subfield code="0">(DE-101)100098355</subfield>
      <subfield code="0">(DE-588)100098355</subfield>
      <subfield code="0">https://d-nb.info/gnd/100098355</subfield>
      <subfield code="a">Hermann</subfield>
      <subfield code="b">IV.</subfield>
      <subfield code="c">Hessen-Kassel, Landgraf</subfield>
      <subfield code="d">1607-1658</subfield>
      <subfield code="4">bezf</subfield>
      <subfield code="4">https://d-nb.info/standards/elementset/gnd#familialRelationship</subfield>
      <subfield code="w">r</subfield>
      <subfield code="i">Beziehung familiaer</subfield>
      <subfield code="e">Beziehung familiaer</subfield>
      <subfield code="9">v:Halbbruder</subfield>
    </datafield>
    <datafield tag="500" ind1="0" ind2=" ">
      <subfield code="0">(DE-101)123961572</subfield>
      <subfield code="0">(DE-588)123961572</subfield>
      <subfield code="0">https://d-nb.info/gnd/123961572</subfield>
      <subfield code="a">Friedrich</subfield>
      <subfield code="c">Hessen-Kassel, Landgraf</subfield>
      <subfield code="d">1617-1655</subfield>
      <subfield code="4">bezf</subfield>
      <subfield code="4">https://d-nb.info/standards/elementset/gnd#familialRelationship</subfield>
      <subfield code="w">r</subfield>
      <subfield code="i">Beziehung familiaer</subfield>
      <subfield code="e">Beziehung familiaer</subfield>
      <subfield code="9">v:Halbbruder</subfield>
    </datafield>
    <datafield tag="500" ind1="0" ind2=" ">
      <subfield code="0">(DE-101)118963287</subfield>
      <subfield code="0">(DE-588)118963287</subfield>
      <subfield code="0">https://d-nb.info/gnd/118963287</subfield>
      <subfield code="a">Ernst</subfield>
      <subfield code="b">I.</subfield>
      <subfield code="c">Hessen-Rheinfels-Rotenburg, Landgraf</subfield>
      <subfield code="d">1623-1693</subfield>
      <subfield code="4">bezf</subfield>
      <subfield code="4">https://d-nb.info/standards/elementset/gnd#familialRelationship</subfield>
      <subfield code="w">r</subfield>
      <subfield code="i">Beziehung familiaer</subfield>
      <subfield code="e">Beziehung familiaer</subfield>
      <subfield code="9">v:Halbbruder</subfield>
    </datafield>
    <datafield tag="500" ind1="0" ind2=" ">
      <subfield code="0">(DE-101)10142552X</subfield>
      <subfield code="0">(DE-588)10142552X</subfield>
      <subfield code="0">https://d-nb.info/gnd/10142552X</subfield>
      <subfield code="a">Johann Albrecht</subfield>
      <subfield code="b">II.</subfield>
      <subfield code="c">Mecklenburg-Güstrow, Herzog</subfield>
      <subfield code="d">1590-1636</subfield>
      <subfield code="4">bezf</subfield>
      <subfield code="4">https://d-nb.info/standards/elementset/gnd#familialRelationship</subfield>
      <subfield code="w">r</subfield>
      <subfield code="i">Beziehung familiaer</subfield>
      <subfield code="e">Beziehung familiaer</subfield>
      <subfield code="9">v:Ehemann</subfield>
    </datafield>
    <datafield tag="548" ind1=" " ind2=" ">
      <subfield code="a">1596-1625</subfield>
      <subfield code="4">datl</subfield>
      <subfield code="4">https://d-nb.info/standards/elementset/gnd#dateOfBirthAndDeath</subfield>
      <subfield code="w">r</subfield>
      <subfield code="i">Lebensdaten</subfield>
      <subfield code="9">v:Geburtsjahr abweichend: 1595</subfield>
    </datafield>
    <datafield tag="548" ind1=" " ind2=" ">
      <subfield code="a">23.03.1596-16.12.1625</subfield>
      <subfield code="4">datx</subfield>
      <subfield code="4">https://d-nb.info/standards/elementset/gnd#dateOfBirthAndDeath</subfield>
      <subfield code="w">r</subfield>
      <subfield code="i">Exakte Lebensdaten</subfield>
      <subfield code="9">v:Geburtsdatum abweichend: 24.03.1596, 25.03.1596, 24.05.1596, 14.05.1596 (Ansetzung nach Landesbibliographie MV)</subfield>
    </datafield>
    <datafield tag="550" ind1=" " ind2=" ">
      <subfield code="0">(DE-101)040533115</subfield>
      <subfield code="0">(DE-588)4053311-6</subfield>
      <subfield code="0">https://d-nb.info/gnd/4053311-6</subfield>
      <subfield code="a">Schriftstellerin</subfield>
      <subfield code="4">berc</subfield>
      <subfield code="4">https://d-nb.info/standards/elementset/gnd#professionOrOccupation</subfield>
      <subfield code="w">r</subfield>
      <subfield code="i">Charakteristischer Beruf</subfield>
    </datafield>
    <datafield tag="550" ind1=" " ind2=" ">
      <subfield code="0">(DE-101)040004643</subfield>
      <subfield code="0">(DE-588)4000464-8</subfield>
      <subfield code="0">https://d-nb.info/gnd/4000464-8</subfield>
      <subfield code="a">Adel</subfield>
      <subfield code="4">beru</subfield>
      <subfield code="4">https://d-nb.info/standards/elementset/gnd#professionOrOccupation</subfield>
      <subfield code="w">r</subfield>
      <subfield code="i">Beruf</subfield>
    </datafield>
    <datafield tag="550" ind1=" " ind2=" ">
      <subfield code="a">Landgräfin</subfield>
      <subfield code="4">adel</subfield>
      <subfield code="4">https://d-nb.info/standards/elementset/gnd#titleOfNobility</subfield>
      <subfield code="w">r</subfield>
      <subfield code="i">Adelstitel</subfield>
    </datafield>
    <datafield tag="550" ind1=" " ind2=" ">
      <subfield code="0">(DE-101)943795559</subfield>
      <subfield code="0">(DE-588)4369193-6</subfield>
      <subfield code="0">https://d-nb.info/gnd/4369193-6</subfield>
      <subfield code="a">Herzogin</subfield>
      <subfield code="4">adel</subfield>
      <subfield code="4">https://d-nb.info/standards/elementset/gnd#titleOfNobility</subfield>
      <subfield code="w">r</subfield>
      <subfield code="i">Adelstitel</subfield>
    </datafield>
    <datafield tag="551" ind1=" " ind2=" ">
      <subfield code="0">(DE-101)040298698</subfield>
      <subfield code="0">(DE-588)4029869-3</subfield>
      <subfield code="0">https://d-nb.info/gnd/4029869-3</subfield>
      <subfield code="a">Kassel</subfield>
      <subfield code="4">ortg</subfield>
      <subfield code="4">https://d-nb.info/standards/elementset/gnd#placeOfBirth</subfield>
      <subfield code="w">r</subfield>
      <subfield code="i">Geburtsort</subfield>
    </datafield>
    <datafield tag="551" ind1=" " ind2=" ">
      <subfield code="0">(DE-101)040224775</subfield>
      <subfield code="0">(DE-588)4022477-6</subfield>
      <subfield code="0">https://d-nb.info/gnd/4022477-6</subfield>
      <subfield code="a">Güstrow</subfield>
      <subfield code="4">orts</subfield>
      <subfield code="4">https://d-nb.info/standards/elementset/gnd#placeOfDeath</subfield>
      <subfield code="w">r</subfield>
      <subfield code="i">Sterbeort</subfield>
      <subfield code="9">v:begr.: Dom, Güstrow</subfield>
    </datafield>
    <datafield tag="667" ind1=" " ind2=" ">
      <subfield code="a">VD-18</subfield>
    </datafield>
    <datafield tag="670" ind1=" " ind2=" ">
      <subfield code="a">NDB/ADB-online; DMA: LCAuth; DbA (WBIS)</subfield>
    </datafield>
    <datafield tag="675" ind1=" " ind2=" ">
      <subfield code="a">IPI 5/2005</subfield>
    </datafield>
    <datafield tag="678" ind1=" " ind2=" ">
      <subfield code="b">Tochter von Landgraf Moritz von Hessen-Kassel, 2. Frau von Herzog Johann Albrecht von Mecklenburg-Güstrow;</subfield>
    </datafield>
    <datafield tag="913" ind1=" " ind2=" ">
      <subfield code="S">pnd</subfield>
      <subfield code="i">5</subfield>
      <subfield code="a">Elisabeth &lt;Hessen-Kassel, Landgräfin&gt;</subfield>
      <subfield code="0">(DE-588a)119142120</subfield>
    </datafield>
  </record>
